@misc{tao2015finitetimeblowupaveraged,
      title={Finite time blowup for an averaged three-dimensional Navier-Stokes equation}, 
      author={Terence Tao},
      year={2015},
      eprint={1402.0290},
      archivePrefix={arXiv},
      primaryClass={math.AP},
      url={https://arxiv.org/abs/1402.0290}, 
}